<?xml version="1.0" encoding="UTF-8"?>
  <record xmlns="http://www.loc.gov/MARC21/slim" type="Authority">
    <leader>00000nz  a2200000nc 4500</leader>
    <controlfield tag="001">133665135</controlfield>
    <controlfield tag="003">DE-101</controlfield>
    <controlfield tag="005">20210923031242.0</controlfield>
    <controlfield tag="008">071123n||aznnnaabn           | aaa    |c</controlfield>
    <datafield tag="024" ind1="7" ind2=" ">
      <subfield code="a">133665135</subfield>
      <subfield code="0">http://d-nb.info/gnd/133665135</subfield>
      <subfield code="2">gnd</subfield>
    </datafield>
    <datafield tag="024" ind1="7" ind2=" ">
      <subfield code="a">0000000018005716</subfield>
      <subfield code="2">isni</subfield>
    </datafield>
    <datafield tag="035" ind1=" " ind2=" ">
      <subfield code="a">(DE-101)133665135</subfield>
    </datafield>
    <datafield tag="035" ind1=" " ind2=" ">
      <subfield code="a">(DE-588)133665135</subfield>
    </datafield>
    <datafield tag="035" ind1=" " ind2=" ">
      <subfield code="z">(DE-588)1169825230</subfield>
    </datafield>
    <datafield tag="035" ind1=" " ind2=" ">
      <subfield code="z">(DE-588a)133665135</subfield>
      <subfield code="9">v:zg</subfield>
    </datafield>
    <datafield tag="035" ind1=" " ind2=" ">
      <subfield code="z">(DE-588a)102292345</subfield>
    </datafield>
    <datafield tag="040" ind1=" " ind2=" ">
      <subfield code="a">DE-7</subfield>
      <subfield code="c">DE-7</subfield>
      <subfield code="9">r:DE-601</subfield>
      <subfield code="b">ger</subfield>
      <subfield code="d">2163</subfield>
    </datafield>
    <datafield tag="042" ind1=" " ind2=" ">
      <subfield code="a">gnd1</subfield>
    </datafield>
    <datafield tag="043" ind1=" " ind2=" ">
      <subfield code="c">XA-DE</subfield>
    </datafield>
    <datafield tag="075" ind1=" " ind2=" ">
      <subfield code="b">p</subfield>
      <subfield code="2">gndgen</subfield>
    </datafield>
    <datafield tag="075" ind1=" " ind2=" ">
      <subfield code="b">piz</subfield>
      <subfield code="2">gndspec</subfield>
    </datafield>
    <datafield tag="079" ind1=" " ind2=" ">
      <subfield code="a">g</subfield>
      <subfield code="q">a</subfield>
      <subfield code="q">f</subfield>
      <subfield code="q">t</subfield>
    </datafield>
    <datafield tag="100" ind1="1" ind2=" ">
      <subfield code="a">Hunger, Friedrich</subfield>
      <subfield code="d">1616-1685</subfield>
    </datafield>
    <datafield tag="375" ind1=" " ind2=" ">
      <subfield code="a">1</subfield>
      <subfield code="2">iso5218</subfield>
    </datafield>
    <datafield tag="500" ind1="1" ind2=" ">
      <subfield code="0">(DE-101)1169989896</subfield>
      <subfield code="0">(DE-588)1169989896</subfield>
      <subfield code="0">https://d-nb.info/gnd/1169989896</subfield>
      <subfield code="a">Hunger, Christoph Sigmund</subfield>
      <subfield code="d">1642-1708</subfield>
      <subfield code="4">bezf</subfield>
      <subfield code="4">https://d-nb.info/standards/elementset/gnd#familialRelationship</subfield>
      <subfield code="w">r</subfield>
      <subfield code="i">Beziehung familiaer</subfield>
      <subfield code="e">Beziehung familiaer</subfield>
      <subfield code="9">v:Sohn</subfield>
    </datafield>
    <datafield tag="548" ind1=" " ind2=" ">
      <subfield code="a">1616-1685</subfield>
      <subfield code="4">datl</subfield>
      <subfield code="4">https://d-nb.info/standards/elementset/gnd#dateOfBirthAndDeath</subfield>
      <subfield code="w">r</subfield>
      <subfield code="i">Lebensdaten</subfield>
      <subfield code="9">v:Geburtsjahr ca.</subfield>
    </datafield>
    <datafield tag="550" ind1=" " ind2=" ">
      <subfield code="0">(DE-101)041578783</subfield>
      <subfield code="0">(DE-588)4157878-8</subfield>
      <subfield code="0">https://d-nb.info/gnd/4157878-8</subfield>
      <subfield code="a">Goldschmied</subfield>
      <subfield code="4">berc</subfield>
      <subfield code="4">https://d-nb.info/standards/elementset/gnd#professionOrOccupation</subfield>
      <subfield code="w">r</subfield>
      <subfield code="i">Charakteristischer Beruf</subfield>
    </datafield>
    <datafield tag="550" ind1=" " ind2=" ">
      <subfield code="a">Münzwardein</subfield>
      <subfield code="4">beru</subfield>
      <subfield code="4">https://d-nb.info/standards/elementset/gnd#professionOrOccupation</subfield>
      <subfield code="w">r</subfield>
      <subfield code="i">Beruf</subfield>
    </datafield>
    <datafield tag="551" ind1=" " ind2=" ">
      <subfield code="0">(DE-101)040489892</subfield>
      <subfield code="0">(DE-588)4048989-9</subfield>
      <subfield code="0">https://d-nb.info/gnd/4048989-9</subfield>
      <subfield code="a">Regensburg</subfield>
      <subfield code="4">ortw</subfield>
      <subfield code="4">https://d-nb.info/standards/elementset/gnd#placeOfActivity</subfield>
      <subfield code="w">r</subfield>
      <subfield code="i">Wirkungsort</subfield>
    </datafield>
    <datafield tag="667" ind1=" " ind2=" ">
      <subfield code="a">7</subfield>
    </datafield>
    <datafield tag="667" ind1=" " ind2=" ">
      <subfield code="a">VD-17</subfield>
    </datafield>
    <datafield tag="667" ind1=" " ind2=" ">
      <subfield code="a">In Vorlagen entweder auch öfters als "Heuger"; BN gewählt nach Eintrag im MMLO und Name des Sohns</subfield>
    </datafield>
    <datafield tag="670" ind1=" " ind2=" ">
      <subfield code="a">Biographisches Lexikon der Münzmeister und Wardeine, Stempelschneider und Medailleure (MMLO)</subfield>
      <subfield code="b">Stand: 05.02.2021</subfield>
      <subfield code="u">http://mmlo.de/10024</subfield>
    </datafield>
    <datafield tag="670" ind1=" " ind2=" ">
      <subfield code="a">Continuatio XVI. Diarii Europæi, Insertis variis Actis Publicis ; Täglicher Geschichts-Erzehlung Siebenzehender Theil, Darinnen enthalten Theils, was sich in gantz Europa ... in dem 1667.sten Jahre, Denckwürdigst begeben und zugetragen ... Wobey abermahls Ein besonderer Appendix oder Anhang Unterschiedlicher, In dem verwichenen 1667sten und noch lauffenden 1668.sten Jahre ... gewechselter Streit-Schrifften und ... Bericht-Schreiben. Sammt deß Durchl. Herrn Landgrafens zu Hessen-Darmstatt ... Einzuge und ... Feuerwercke ... ins Kupffer gebracht ... Band 17. - 1668</subfield>
    </datafield>
    <datafield tag="670" ind1=" " ind2=" ">
      <subfield code="a">Vollständige Sammlung Aller Von Anfang des noch fürwährenden Teutschen Reichs-Tags de Anno 1663. biß anhero abfefaßten Reichs-Schlüsse, ..., 1. Teil. - 1740</subfield>
    </datafield>
    <datafield tag="670" ind1=" " ind2=" ">
      <subfield code="a">Matricul, Oder Der sambtlichen Des Heil. Röm. Reichs Chur-Fürsten und Ständen Anschlag: Wie vil nehmlichen deren jeder an den Reichs-Anlagen/ auf einen Monat/ dem einfachen Römer-Zug nach/ daß ist/ vor einen Mann zu Roß 12. fl. und vor einen zu Fuß 4. fl. gerechnet/ zugeben und zu contribuiren schuldig/ Anno 1521. auf dem Reichstag zu Wormbs projectirt/ auch nachgehends bey dem Reichstag zu Regenspurg Anno 1576. biß auff eine anderwärtige Revision und Verbesserung approbirt. Mit verschiedenen Anhängen/ deren auff folgender Blat-Seite gedacht wird. In Usum Privatum auß verschiedenen Scriptoribus zusammen getragen/ und zum Druck befördert. - 1689</subfield>
    </datafield>
    <datafield tag="670" ind1=" " ind2=" ">
      <subfield code="a">Loschge, Leonhard: Ander-Theilige Fortsetzung Oder Fernere Vermehrung, und Verbässerung: Der in vorigen Müntz-Bericht, übergangenen, versetzten und theils unrecht betittelten Münz- und Guldiner Sorten, also und dergestalt eingerichtet, daß eines dem andern gar füglich Nutzen und zu deutlichern Bericht dienen kan. Auf eigenen Kosten und nicht sonder grosse Mühe des Verlegers zu Nutz und guter Nachricht männiglichen, wohlmeinend verbässert und gang neuvermehret und Kraus gegeben. - 1682</subfield>
    </datafield>
    <datafield tag="672" ind1=" " ind2="0">
      <subfield code="a">Hoffman, Leonhard Wilibald: MüntzProbe und unvorgreiffliche meinung Dreyer Reichs-Kraysen geschworenen Müntzmeistern ...</subfield>
    </datafield>
    <datafield tag="675" ind1=" " ind2=" ">
      <subfield code="a">LCAuth</subfield>
      <subfield code="a">WBIS</subfield>
      <subfield code="a">ADB</subfield>
    </datafield>
    <datafield tag="678" ind1=" " ind2=" ">
      <subfield code="b">Generalmünzwardein des Bayerischen Kreises ab 1646</subfield>
    </datafield>
    <datafield tag="913" ind1=" " ind2=" ">
      <subfield code="S">pnd</subfield>
      <subfield code="i">a</subfield>
      <subfield code="a">Heuger, Friedrich</subfield>
      <subfield code="0">(DE-588a)133665135</subfield>
    </datafield>
  </record>
